@misc{pes,
	author		= "Kurt Schenk",
	year		= "{2015}",
	publisher	= "{Master of Science in Engineering}",
	title		= "{Power Electronics Systems}",
	note		= "{überreicht durch Prof. Dr. Adrian Omlin}"
}

@misc{gdl1,
	author		= "Kurt Schenk",
	year		= "{2016}",
	publisher	= "{Interstaatliche Hochschule für Technik Buchs}",
	title		= "{Grundlagen der Leistungselektronik -- Teil 1 --
		Magnetische Kreise, Spulen und Transformatoren}"
}

@misc{gdl3,
	author		= "Kurt Schenk",
	year		= "{2016}",
	publisher	= "{Interstaatliche Hochschule für Technik Buchs}",
	title		= "{Grundlagen der Leistungselektronik -- Teil 3 --
		Leistungshalbleiter}"
}

@misc{adl,
	author		= "Kurt Schenk",
	year		= "{2015}",
	publisher	= "{Interstaatliche Hochschule für Technik Buchs}",
	title		= "{Anwendungen der Leistungselektronik}"
}

################################################################################
# EMANT
################################################################################
@misc{lab1,
	author		= "Marcel Joss",
	year		= "2017",
	publisher	= "Hochschule Luzern -- Technik \& Architektur",
	title		= "Modul EMANT: Labor 1",
	note		= "Monopol Antenne"
}


################################################################################
# EAT
################################################################################
@misc{eatgr,
	author		= "Adrian Omlin",
	year		= "{2016}",
	publisher	= "{Hochschule Luzern -- Technik \& Architektur}",
	title		= "{Fremdgeführte Stromrichter}",
	note		= "{Skript zum Modul EAT -- Leistungselektronik und
		elektrische Antriebe}"
}

@misc{eatwr,
	author		= "Adrian Omlin",
	year		= "{2016}",
	publisher	= "{Hochschule Luzern -- Technik \& Architektur}",
	title		= "{Selbstgeführte Wechselrichter}",
	note		= "{Skript zum Modul EAT -- Leistungselektronik und
		elektrische Antriebe}"
}

################################################################################
# ET + ELO
################################################################################
@misc{etelofet,
	author		= "Othmar Schälli",
	year		= "{2011}",
	publisher	= "{Hochschule Luzern -- Technik \& Architektur}",
	title		= "{Feldeffekttransistor}",
	note		= "{Skript zum Modul ET+ELO -- Grundlagen elektrotechnischer und elektronischer Systeme}"
}


################################################################################
# Books
################################################################################
@book{tde,
	author		= "Ralf Kories and Heinz Schmidt-Walter",
	year		= "{2013}",
	publisher	= "{Europa Lehrmittel}",
	title		= "{Taschenbuch der Elektrotechnik}",
	edition		= "{10.}",
	isbn		= "{978-3-8085-5669-6}"
}

@book{taidh,
	author		= "Colonel McLyman",
	year		= "{2004}",
	publisher	= "{Taylor \& Francis}",
	title		= "{Transformers and Inductors Design Handbook}",
	edition		= "{3.}",
	series		= "{Electrical and Computer Engineering Series}",
	isbn		= "{0-8247-5393-3}"
}

@book{taoe,
	author		= "Paul Horowitz and Hill Winfield",
	year		= "{2015}",
	publisher	= "{Camebridge University Press}",
	title		= "{The Art of Electronics}",
	edition		= "{3.}",
	isbn		= "{978-0-521-80926-9}"
}

@book{ts,
	author		= "Ulrich Tietze and Christoph Schenk and Eberhard Gamm",
	year		= "{2013}",
	publisher	= "{Springer Verlag}",
	title		= "{Halbleiter Schaltungstechnik}",
	edition		= "{13.}",
	isbn		= "{978-3-642-01621-9}"
}

@book{dnws,
	author		= "{Dieter Nelles}",
	year		= "{2003}",
	publisher	= "{VDE Verlag}",
	title		= "{Wechselstromkreise}",
	series		= "{Grundlagen der Elektrotechnik zum Selbststudium}"
}

@book{dnmf,
	author		= "Dieter Nelles",
	year		= "{2003}",
	publisher	= "{VDE Verlag}",
	title		= "{Magnetische Felder}",
	series		= "{Grundlagen der Elektrotechnik zum Selbststudium}"
}

@book{fope,
	author		= "Robert W. Erickson and Dragan Maksimovi\'c",
	year		= "{2004}",
	publisher	= "{Kluwer Academic Publishers}",
	address		= "{Boston}",
	title		= "{Fundamentals of Power Electronics}",
	edition		= "{2}",
	isbn		= "{0-7923-7270-0}",
	note		= "{University of Colorado}"
}

@book{tidh,
	author		= "Colonel McLyman",
	year		= "{2004}",
	publisher	= "{Marcel Dekker}",
	address		= "{Basel}",
	title		= "{Transformer and Inductor Design Handbook}",
	edition		= "{3}",
	isbn		= "{0-8247-5393-3}"
}

@book{lhob,
	author		= "David Linden and Thomas B. Reddy",
	year		= "{2011}",
	publisher	= "{MacGraw Hill Education Ltd.}",
	address		= "{New York}",
	title		= "{Linden's Handbook of Batteries}",
	edition		= "{4}",
	isbn		= "{978-0-07-162421-3}"
}

@book{eis,
	author		= "Mark E. Orazem and Bernard Tribollet",
	year		= "{2008}",
	publisher	= "{Wiley \& Sons}",
	address		= "{New Jersey}",
	title		= "{Electrochemical Impedance Spectroscopy}",
	isbn		= "{978-0-470-04140-6}"
}

@book{bu,
	author		= "Isidor Buchmann",
	year		= "{2016}",
	publisher	= "{Cadex Electronics Inc.}",
	address		= "{British Columbia}",
	title		= "{Batteries in a Protable World -- A Handbook on
		Rechargable Batteries for Non-Engineers}",
	edition		= "{4}",
	isbn		= "{978-0-9682118-4-7}"
}

@book{hlib,
	author		= "Rainer Korthauer",
	year		= "{2013}",
	publisher	= "{Springer Vieweg}",
	address		= "{Berlin}",
	title		= "{Handbuch Lithium-Ionen Batterien}",
	edition		= "{1}",
	isbn		= "{978-3-642-30652-5}"
}

################################################################################
# Application Notes
################################################################################

@misc{max_an848,
	author		= "Maxim Integrated",
	title		= "{Snubber Circuits Suppress Voltage Transient Spikes
		in Multiple Output DC-DC Flyback Converter Power Supplies}",
	year		= "{2001}",
	publisher	= "{Maxim Integrated}"
}

@misc{uni_u138,
	author		= "Bill Andeycak",
	title		= "{Zero Voltage Switching Resonant Power Conversion}",
	publisher	= "{Unitrode}"
}

################################################################################
# Articles
################################################################################

@article{dcmn,
	author		= "Anonymous",
	title		= "{Noise Suppression by EMI Filtering -- Basics of EMI Filters}",
	year		= "{1989}",
	publisher	= "{Murata Manufacturring Co.}",
	note		= "{Differential and Common Mode Noise}"
}

@article{ti_ucc28950,
	author		= "Anonymous",
	title		= "{UCC28950 Green Phase-Shifted Full-Bridge Controller With Synchronous Rectification}",
	year		= "{2015}",
	note		= "{SLUSA16C}",
	publisher	= "{Texas Instruments}"
}

@article{soc_estimation_review,
	author		= "Wen-Yeau Chang",
	title		= "{The State of Charge Estimating Methods for Battery: A Review}",
	year		= "{2013}",
	note		= "{Article ID 953792}",
	publisher	= "{Hindawi Publishing Corporation}"
}

@article{peukert_review,
	author		= "Dennis Doerffel and Suleiman Abu-Sharkh",
	title		= "{A critical review of using the Peukert equation for dertermining
		the remaining capacity of lead-acid and lithium-ion batteries}",
	year		= "{2006}",
	number		= "{155}",
	pages		= "{395-400}",
	journal		= "{Journal of Power Sources}"
}

@article{2plt_test,
	author		= "Jaques Marchildon and Mamadou Doumbia and Kodjo Agbossou",
	title		= "{SOC and SOH Characterisation of Lead Acid Batteries}",
	year		= "{2015}",
	journal		= "{Conference of the IEEE Industrial Electronics Society (IECON)}",
	publisher	= "{IEEE}",
	address		= "{Yokohama}"
}

@article{acm,
	author		= "Wenxin Peng and Yahia Baghzouz",
	title		= "{Accurate Circuit Model for Steady-State and Dynamic Performance of Lead-Acid AGM Batteries}",
	year		= "{2011}",
	journal		= "{2011 International Conference Utility Exhibition on Power and Energy Systems: Issues and Prospects for Asia (ICUE)}",
	publisher	= "{IEEE}"
}
################################################################################
# Technical Reports
################################################################################

@techreport{bm,
	author		= "Marjin Jongarden and Boudewijn Haverkort",
	title		= "{Battery Modeling}",
	institution	= "{Centre for Telematics and Information Technology, University of Twente}",
	year		= "{2008}",
	month		= "{1}",
	address		= "{Enschede}",
	number		= "{TR-CTIT-08}",
	pages		= "{395-400}",
	journal		= "{Journal of Power Sources}"
}

@techreport{sbmbiom,
	author		= "Wayne Johnson",
	title		= "{Stationary Battery Monitoring by Internal Ohmic Measurements}",
	institution	= "{Electric Power Research Institute}",
	year		= "{2002}",
	month		= "{12}",
	address		= "{California}",
	number		= "{1002925}"
}


################################################################################
# Thesis
################################################################################

@phdthesis{pgeis,
	author		= "Egon Zimmermann",
	title		= "{Phasengenaue Impedanzspektroskopie und -tomographie für geophysikalische Anwendungen}",
	school		= "{Friedrich-Wihlhelms-Universität Bonn}",
	year		= "{2010}",
	address		= "{Eschweiler}",
	month		= "{2}"
}

################################################################################
# IEEE Paper
################################################################################

@article{2plt,
	author		= "Martin Coleman and William Gerard Hurley and Chin Kwan Lee",
	title		= "{An Improved Battery Characterization Method using a Two-Pulse Load Test}",
	year		= "{2008}",
	publisher	= "{IEEE}",
	journal		= "{IEEE Transactions on Energy Conversation}"
}

@article{ford,
	author		= "Mark Eifert",
	title		= "{A Discrete Battery State Monitoring Algorithm for Lead-Acid Batteries}",
	year		= "{2014}",
	publisher	= "{IEEE}",
	journal		= "{IEEE Conference on Control Applications (CCA)}"
}

