@book{script,
author = {Adrian Omlin},
title = {{Leistungselektronik und elektrische Antriebe - Kapitel 4 Selbstgeführte Wechselrichter}},
year = {{2016}},
OPTsubtitle = {•},
OPTtitleaddon = {•},
OPTlanguage = {•},
OPTedition = {•},
OPTtype = {•},
OPTseries = {•},
OPTnumber = {•},
OPTversion = {•},
OPTnote = {•},
OPTorganization = {•},
OPTpublisher = {•},
OPTlocation = {•},
OPTisbn = {•},
OPTchapter = {•},
OPTpages = {•},
OPTpagetotal = {•},
OPTaddendum = {•},
OPTpubstate = {•},
OPTdoi = {•},
OPTeprint = {•},
OPTeprintclass = {•},
OPTeprinttype = {•},
OPTurl = {•},
OPTurldate = {•},
}

@article{laborversuch,
author = {Adrian Omlin},
title = {{Versuchsanleitung - Selbstgeführter Stromrichter (WR dreiphasig)}},
year = {{2016}},
OPTsubtitle = {•},
OPTtitleaddon = {•},
OPTlanguage = {•},
OPTedition = {•},
OPTtype = {•},
OPTseries = {•},
OPTnumber = {•},
OPTversion = {•},
OPTnote = {•},
OPTorganization = {•},
OPTpublisher = {•},
OPTlocation = {•},
OPTisbn = {•},
OPTchapter = {•},
OPTpages = {•},
OPTpagetotal = {•},
OPTaddendum = {•},
OPTpubstate = {•},
OPTdoi = {•},
OPTeprint = {•},
OPTeprintclass = {•},
OPTeprinttype = {•},
OPTurl = {•},
OPTurldate = {•},
}
