@misc{pes,
	author		= {Kurt Schenk},
	year		= {2015},
	publisher	= {Master of Science in Engineering},
	title		= {Power Electronics Systems},
	note		= {Ã¼berreicht durch Prof. Dr. Adrian Omlin}
}
